% Developers
@misc{jklontz,
	Author = {Joshua C. Klontz},
	Howpublished = {https://github.com/jklontz},
	Title = {jklontz at ieee.org}}

@misc{mburge,
	Author = {Dr. Mark J. Burge},
	Howpublished = {https://github.com/mburge},
	Title = {mburge at gmail.com}}

@misc{bklare,
	Author = {Dr. Brendan F. Klare},
	Howpublished = {https://github.com/bklare},
	Title = {brendan.klare at ieee.org}}

@misc{mmtaborsky,
	Author = {M. M. Taborsky},
	Howpublished = {https://github.com/mmtaborsky},
	Title = {mmtaborsky at gmail.com}}

@misc{sklum,
	Author = {Scott J. Klum},
	Howpublished = {https://github.com/sklum},
	Title = {scott.klum at gmail.com}}

@misc{caotto,
	Author = {Charles A. Otto},
	Howpublished = {https://github.com/caotto},
	Title = {ottochar at gmail.com}}

@misc{lbestrowden,
	Author = {Lacey S. Best-Rowden},
	Howpublished = {https://github.com/lbestrowden},
	Title = {bestrow1 at msu.edu}}

% Software
@misc{OpenBR,
	Author = {Joshua C. Klontz and Dr. Mark J. Burge},
	Title = {{OpenBR} - {Open} {Biometric} {Recognition}},
	Year = {2012}}

@misc{libface,
	Howpublished = {http://libface.sourceforge.net/file/Home.html},
	Title = {libface},
	Year = {2011}}

@misc{CT8,
	Author = {Cognitec},
	Howpublished = {www.cognitec-systems.de/FaceVACS-SDK.19.0.html},
	Title = {{FaceVACS-SDK} 8.5},
	Year = {2012}}

@misc{NEC3,
	Author = {NEC},
	Howpublished = {http://www.nec.com/en/global/solutions/security/product/neoface.html},
	Title = {NEC {NeoFace} {SDK} 3.1.1},
	Year = {2012}}

@misc{NT4,
	Author = {Neurotechnology},
	Howpublished = {www.neurotechnology.com/megamatcher.html},
	Title = {Neurotec {Biometric} {SDK} 4.2},
	Year = {2012}}

@misc{PP4,
	Author = {PittPatt},
	Howpublished = {www.pittpatt.com},
	Title = {PittPatt {SDK} 4.2.2},
	Year = {2010}}

@misc{PP5,
	Author = {PittPatt},
	Howpublished = {www.pittpatt.com},
	Title = {PittPatt {SDK} 5.2.2},
	Year = {2011}}
	
@misc{OpenCV,
	Author = {Itseez},
	Howpublished = {www.opencv.org},
	Title = {{The OpenCV Library}},
	Year = 2000}
	
@misc{MATLAB,
	Author = {MathWorks},
	Howpublished = {www.mathworks.com},
	Title = {{MATLAB Release 2013a}},
	Year = 2013}	

@manual{R,
	Title = {R: A Language and Environment for Statistical Computing},
	Author = {{R Core Team}},
	Organization = {R Foundation for Statistical Computing},
	Address = {Vienna, Austria},
	Year = 2013,
	Url = {http://www.R-project.org}}

% Papers
@article{ahonen2006face,
  title={Face description with local binary patterns: Application to face recognition},
  author={Ahonen, Timo and Hadid, Abdenour and Pietikainen, Matti},
  journal={Pattern Analysis and Machine Intelligence, IEEE Transactions on},
  volume={28},
  number={12},
  pages={2037--2041},
  year={2006},
  publisher={IEEE}
}

@inproceedings{arandjelovic12, 
	Author = {Arandjelovic, R. and Zisserman, A.}, 
	Booktitle = {Computer Vision and Pattern Recognition (CVPR), 2012 IEEE Conference on},
	Title = {Three things everyone should know to improve object retrieval}, 
	Month = {June}, 
	Year = {2012},
	Pages = {2911-2918}}

@article{bradski2000opencv,
  title={The opencv library},
  author={Bradski, Gary},
  journal={Doctor Dobbs Journal},
  volume={25},
  number={11},
  pages={120--126},
  year={2000},
  publisher={M AND T PUBLISHING INC}
}

@article{belhumeur1997eigenfaces,
  title={Eigenfaces vs. fisherfaces: Recognition using class specific linear projection},
  author={Belhumeur, Peter N. and Hespanha, Joao P. and Kriegman, David J.},
  journal={Pattern Analysis and Machine Intelligence, IEEE Transactions on},
  volume={19},
  number={7},
  pages={711--720},
  year={1997},
  publisher={IEEE}
}

@inproceedings{belhumeur11,
	Author = {Belhumeur, P.N. and Jacobs, D.W. and Kriegman, D.J. and Kumar, N.},
	Booktitle = {Computer Vision and Pattern Recognition (CVPR), 2011 IEEE Conference on},
	Month = {jun},
	Pages = {545-552},
	Title = {Localizing parts of faces using a consensus of exemplars},
	Year = {2011}}

@article{bolme03,
	Title={The {CSU} face identification evaluation system: its purpose, features, and structure},
	Author={Bolme, David and Ross Beveridge, J and Teixeira, Marcio and Draper, Bruce},
	Journal={Computer Vision Systems},
	Pages={304-313},
	Year={2003}}

@inproceedings{bolme09,
	Author = {Bolme, D.S. and Draper, B.A. and Beveridge, J.R.},
	Booktitle = {Computer Vision and Pattern Recognition, 2009. CVPR 2009. IEEE Conference on},
	Month = {jun},
	Pages = {2105-2112},
	Title = {Average of Synthetic Exact Filters},
	Year = {2009}}

@article{culp1999industrial,
  title={Industrial Strength Pluggable Factories},
  author={Culp, Timothy},
  journal={C++ Report},
  volume={11},
  number={9},
  pages={21--26},
  year={1999}
}

@misc{founds11,
	Author = {Founds, A.P. and Orlans, N. and Whiddon, G. and Watson, C.},
	Howpublished = {www.nist.gov/itl/iad/ig/sd32.cfm},
	Title = {{NIST Special Database 32 - Multiple Encounter Dataset II (MEDS-II)}},
	Year = {2011}}

@article{gacek04,
	Author = {Cristina Gacek and Budi Arief},
	Journal = {IEEE Software},
	Number = {21},
	Pages = {34-40},
	Volume = {1},
	Year = {2004}}

@misc{grother12,
	Author = {Grother, P. and Quinn, G.W. and Ngan, M.},
	Title = {{Face Recognition Vendor Test (FRVT)} 2012},
	Month = {mar},
	Year = {2013},
	Url = {http://www.nist.gov/itl/iad/ig/frvt-2012.cfm}}

@misc{grother13,
	Author = {Grother, P.},
	Title = {{MITRE FRVT Submission Question}},
	HowPublished = {Personal communication},
	Month = {jan},
	Year = {2013}}

@article{hall2009weka,
  title={The WEKA data mining software: an update},
  author={Hall, Mark and Frank, Eibe and Holmes, Geoffrey and Pfahringer, Bernhard and Reutemann, Peter and Witten, Ian H},
  journal={ACM SIGKDD Explorations Newsletter},
  volume={11},
  number={1},
  pages={10--18},
  year={2009},
  publisher={ACM}
}

@inproceedings{huang2008labeled,
  title={Labeled faces in the wild: A database forstudying face recognition in unconstrained environments},
  author={Huang, Gary B and Mattar, Marwan and Berg, Tamara and Learned-Miller, Eric and others},
  booktitle={Workshop on Faces in'Real-Life'Images: Detection, Alignment, and Recognition},
  year={2008}
}

@article{ihaka1996r,
  title={R: A language for data analysis and graphics},
  author={Ihaka, Ross and Gentleman, Robert},
  journal={Journal of computational and graphical statistics},
  volume={5},
  number={3},
  pages={299--314},
  year={1996},
  publisher={Taylor \& Francis}
}

@article{jegou11,
	Author = {J{\'e}gou, H. and Douze, M. and Schmid, C.},
	Journal = {Pattern Analysis and Machine Intelligence, IEEE Transactions on},
	Month = {jan},
	Number = {1},
	Pages = {117-128},
	Title = {Product Quantization for Nearest Neighbor Search},
	Volume = {33},
	Year = {2011}}

@inproceedings{klare11,
	Author = {Klare, B.},
	Booktitle = {Michigan State University Technical Report, {MSU-CSE-11-16}},
	Title = {Spectrally Sampled Structural Subspace Features ({4SF})},
	Year = {2011}}

@inproceedings{klare12, 
	Author = {Klare, B.F. and Jain, A.K.},
	Booktitle = {Biometrics: Theory, Applications and Systems (BTAS), 2012 IEEE Fifth International Conference on},
	Title = {Face recognition: Impostor-based measures of uniqueness and quality},
	Month = {sept},
	Pages = {237-244},
	Year = {2012}}

@misc{lakhani07,
	Author = {Karim R. Lakhani, Lars Bo Jeppesen, Jill A. Panetta},
	Title = {The Value of Openness in Scientific Problem Solving},
	Publisher = {Division of Research, Harvard Business School},
	Year = {2007}}

@book{laurent04,
	Author = {Andrew M. St. Laurent},
	Title = {Understanding Open Source \& Free Software Licensing},
	Publisher = {O'Reilly},
	Year = {2004}}

@inproceedings{li09,
	Author = {Li, S.Z. and Lei, Z. and Ao, M.},
	Booktitle = {6th IEEE Workshop on Object Tracking and Classification Beyond and in the Visible Spectrum (OTCBVS, in conjunction with CVPR 2009)},
	Month = {jun},
	Title = {{The HFB Face Database} for {Heterogeneous Face Biometrics} Research},
	Year = {2009}}

@inproceedings{lui2012preliminary,
  title={Preliminary studies on the Good, the Bad, and the Ugly face recognition challenge problem},
  author={Lui, Yui Man and Bolme, D and Phillips, PJ and Beveridge, JR and Draper, BA},
  booktitle={Computer Vision and Pattern Recognition Workshops (CVPRW), 2012 IEEE Computer Society Conference on},
  pages={9--16},
  year={2012},
  organization={IEEE}
}

@article{martinez98,
	Author = {Martinez, A.M.},
	Journal = {CVC Technical Report},
	Title = {The {AR} face database},
	Volume = {24},
	Year = {1998}}

@article{meyers08,
	Author = {Meyers, E. and Wolf, L.},
	Journal = {Int. Journal of Computer Vision},
	Number = {1},
	Pages = {93-104},
	Title = {Using biologically inspired features for face processing},
	Volume = {76},
	Year = {2008}}

@article{milborrow08,
	Author = {S. Milborrow and F. Nicolls},
	Journal = {ECCV},
	Note = {www.milbo.users.sonic.net/stasm},
	Title = {Locating Facial Features with an Extended Active Shape Model},
	Year = {2008}}

@inproceedings{messer99,
	Author = {Messer, K. and Matas, J. and Kittler, J. and Luettin, J. and Maitre, G.},
	Booktitle = {Second international conference on audio and video-based biometric person authentication},
	Organization = {Citeseer},
	Pages = {965-966},
	Title = {{XM2VTSDB}: The extended {M2VTS} database},
	Volume = {964},
	Year = {1999}}

@article{moghaddam97,
	Author = {Moghaddam, B. and Pentland, A.},
	Journal = {Pattern Analysis and Machine Intelligence, IEEE Transactions on},
	Month = {jul},
	Number = {7},
	Pages = {696-710},
	Title = {Probabilistic Visual Learning for Object Representation},
	Volume = {19},
	Year = {1997}}

@misc{osi,
	Title = {The Open Source Initiative},
	Url = {}}

@article{phillips00,
	Author = {Phillips, P.J. and Moon, H. and Rizvi, S.A. and Rauss, P.J.},
	Journal = {Pattern Analysis and Machine Intelligence, IEEE Transactions on},
	Number = {10},
	Pages = {1090-1104},
	Publisher = {IEEE},
	Title = {The FERET evaluation methodology for face-recognition algorithms},
	Volume = {22},
	Year = {2000}}

@inproceedings{phillips05,
	Author = {Phillips, P Jonathon and Flynn, Patrick J and Scruggs, Todd and Bowyer, Kevin W and Chang, Jin and Hoffman, Kevin and Marques, Joe and Min, Jaesik and Worek, William},
	Booktitle = {Computer vision and pattern recognition, 2005. CVPR 2005. IEEE computer society conference on},
	Organization = {IEEE},
	Pages = {947-954},
	Title = {Overview of the face recognition grand challenge},
	Volume = {1},
	Year = {2005}}

@inproceedings{phillips2011introduction,
  title={An introduction to the good, the bad, \& the ugly face recognition challenge problem},
  author={Phillips, P Jonathon and Beveridge, J Ross and Draper, Bruce A and Givens, Geof and O'Toole, Alice J and Bolme, David S and Dunlop, Joseph and Lui, Yui Man and Sahibzada, Hassan and Weimer, Samuel},
  booktitle={Automatic Face \& Gesture Recognition and Workshops (FG 2011), 2011 IEEE International Conference on},
  pages={346--353},
  year={2011},
  organization={IEEE}
}

@misc{raymond00,
	Title = {The cathedral \& the bazaar},
	url = {},
	Year = {2000}}

@misc{sonnenburg07,
	Author = {Sören Sonnenburg and Mikio L. Braun and Samy Bengio and Leon Bottou and Geoffrey Holmes and Yann Lecun and Fernando Pereira and Carl Edward Rasmussen and Bernhard Schölkopf and Jason Weston},
	Title = {The Need for Open Source Software in Machine Learning},
	Year = {2007}}

@article{turk1991eigenfaces,
  title={Eigenfaces for recognition},
  author={Turk, Matthew and Pentland, Alex},
  journal={Journal of cognitive neuroscience},
  volume={3},
  number={1},
  pages={71--86},
  year={1991},
  publisher={MIT Press}
}

@article{wang09,
	Author = {Wang, Xiaogang and Tang, Xiaoou},
	Journal = {Pattern Analysis and Machine Intelligence, IEEE Transactions on},
	Number = {11},
	Pages = {1955-1967},
	Publisher = {IEEE},
	Title = {Face photo-sketch synthesis and recognition},
	Volume = {31},
	Year = {2009}}

@article{weiss08,
	Author = {Weiss, Y. and Torralba A. and Fergus, J.},
	Journal = {Advances in Neural Information Processing Systems},
	Title = {Spectral Hashing},
	Year = {2008}}

@inproceedings{wolf11, 
	Author = {Wolf, L. and Hassner, T. and Maoz, I.}, 
	Booktitle = {Computer Vision and Pattern Recognition (CVPR), 2011 IEEE Conference on},
	Month = {june},
	Pages = {529-534},
	Title = {Face recognition in unconstrained videos with matched background similarity}, 
	Year = {2011}}

@mastersthesis{zauner10,
	Author = {Zauner, C.},
	School = {Upper Austria University of Applied Sciences, Hagenberg Campus},
	Title = {Implementation and Benchmarking of Perceptual Image Hash Functions},
	Year = {2010}}

@inproceedings{zhang11,
	Author = {Zhang, Wei and Wang, Xiaogang and Tang, Xiaoou},
	Booktitle = {Computer Vision and Pattern Recognition (CVPR), 2011 IEEE Conference on},
	Organization = {IEEE},
	Pages = {513-520},
	Title = {Coupled information-theoretic encoding for face photo-sketch recognition},
	Year = {2011}}

@inproceedings{zhu11,
	Author = {Zhu, C. and Wen, F. and Sun J.},
	Booktitle = {Computer Vision and Pattern Recognition (CVPR), 2011 IEEE Conference on},
	Month = {jun},
	Pages = {481-488},
	Title = {A Rank-Order Distance Based Clustering Algorithm for Face Tagging},
	Year = {2011}}
	
@inproceedings{tan10,
	Author = {Tan, Xiaoyang and Triggs, B.},
	Booktitle = {Image Processing, IEEE Transactions on,},
	Title = {Enhanced local texture feature sets for face recognition under difficult lighting conditions},
	Year = 2010,
	Volume = 19,
	Issue = 6,
	Pages = {1635-1650}}
	
@book{fukunaga1990,
    title={Introduction to statistical pattern recognition},
    author={Fukunaga, Keinosuke},
    year={1990},
    publisher={Academic press}
}

@article{yu2001,
    title={A direct LDA algorithm for high-dimensional data-with application to face recognition},
    author={Yu, Hua and Yang, Jie},
    journal={Pattern recognition},
    volume={34},
    number={10},
    pages={2067},
    year={2001},
    publisher={Oxford, New York, Pergamon Press.}
}
	
@inproceedings{wang2004,
    title={Random sampling LDA for face recognition},
    author={Wang, Xiaogang and Tang, Xiaoou},
    booktitle={Computer Vision and Pattern Recognition, 2004. CVPR 2004. Proceedings of the 2004 IEEE Computer Society Conference on},
    volume={2},
    pages={II--259},
    year={2004},
    organization={IEEE}
}

@article{klare12demographics,
    author={Klare, B.F. and Burge, M. and Klontz, J. and Vorder Bruegge, R.W. and Jain, A.K.},
    title={Face Recognition Performance: Role of Demographic Information},
    journal={IEEE Trans. on Information Forensics and Security}, 
    volume={7},
    number={6},
    pages={1789--1801},
    year={2012}
}

@inproceedings{klare2011aging,
    title={Face recognition across time lapse: On learning feature subspaces},
    author={Klare, Brendan and Jain, Anil K},
    booktitle={Biometrics (IJCB), 2011 International Joint Conference on},
    pages={1--8},
    year={2011},
    organization={IEEE}
}

@article{viola2004,
    title={Robust real-time face detection},
    author={Viola, Paul and Jones, Michael J},
    journal={International journal of computer vision},
    volume={57},
    number={2},
    pages={137--154},
    year={2004},
    publisher={Springer}
}

@inproceedings{yang2011articulated,
  title={Articulated pose estimation with flexible mixtures-of-parts},
  author={Yang, Yi and Ramanan, Deva},
  booktitle={Computer Vision and Pattern Recognition (CVPR), 2011 IEEE Conference on},
  pages={1385--1392},
  year={2011},
  organization={IEEE}
}

@inproceedings{cao2010face,
  title={Face recognition with learning-based descriptor},
  author={Cao, Zhimin and Yin, Qi and Tang, Xiaoou and Sun, Jian},
  booktitle={Computer Vision and Pattern Recognition (CVPR), 2010 IEEE Conference on},
  pages={2707--2714},
  year={2010},
  organization={IEEE}
}

@misc{intel,
  title={Intel Architecture Instruction Set Extensions Programming Reference},
  author={Intel},
  howpublished={http://download-software.intel.com/sites/default/files/319433-014.pdf},
  year={2012}
}